<?xml version="1.0" encoding="UTF-8"?><collection xmlns="http://www.loc.gov/MARC21/slim"><record><leader>00555nam--2200181-i-4500</leader><controlfield tag="001">000005779</controlfield><controlfield tag="002">20161230</controlfield><controlfield tag="005">20161230201026</controlfield><controlfield tag="008">060222s1000------------r-----000-0-eng-d</controlfield><datafield ind1=" " ind2=" " tag="040"><subfield code="a">IFIN-HH</subfield></datafield><datafield ind1=" " ind2=" " tag="080"><subfield code="a">539.12.047</subfield></datafield><datafield ind1="1" ind2=" " tag="100"><subfield code="a">Cronkite, E.P</subfield></datafield><datafield ind1="1" ind2="0" tag="245"><subfield code="a">Radiation injury in man</subfield><subfield code="b">Its chemical and biological basis, pathogenesis and therapy</subfield><subfield code="c">E.p. cronkite, v.p. bond</subfield></datafield><datafield ind1=" " ind2=" " tag="260"><subfield code="a">Springfield, Illinois</subfield><subfield code="b">Charles C. Thomas Publisher</subfield><subfield code="c">1960</subfield></datafield><datafield ind1=" " ind2=" " tag="300"><subfield code="a">VII + 200 P</subfield></datafield><datafield ind1="1" ind2=" " tag="700"><subfield code="a">Bond, V.P</subfield></datafield><datafield ind1=" " ind2=" " tag="852"><subfield code="a">17106</subfield><subfield code="c">539.12.04</subfield></datafield><datafield ind1=" " ind2=" " tag="CAT"><subfield code="a">Sys</subfield><subfield code="c">20120203</subfield><subfield code="h">122057</subfield></datafield></record></collection>